@misc{github,
  author = {Renzo Arreaza, Marcelo Guerrero},
  title = {TSS1 - Wireshark repository},
  howpublished = {\url{https://github.com/renzoarreaza/TSS1-Wireshark}},
}